@book{wang2020,
  author    = {王本祥},
  title     = {现代中药药理学},
  publisher = {天津科学技术出版社},
  year      = {2020}
}

@article{xus2021,
  author    = {Xu, S. and Chen, X. and Sun, D. W.},
  title     = {Preservation of kiwifruit coated with an edible film at ambient temperature},
  journal   = {Journal of Food Engineering},
  year      = {2021},
  volume    = {50},
  number    = {4},
  pages     = {211--216}
}
